@article{article,
author = {AÅ¡ Mikolov, To},
year = {2012},
month = {01},
pages = {},
title = {Statistical Language Models Based on Neural Networks}
}