@article{article,
author = {Nikravan, Esmaeel and Parsa, Saeed},
year = {2018},
month = {05},
pages = {},
title = {A reasoning-based approach to dynamic domain reduction in test data generation},
booktitle = {International Journal on Software Tools for Technology Transfer}
}