@inproceedings{Cummins:2018:CFT:3213846.3213848,
 author = {Cummins, Chris and Petoumenos, Pavlos and Murray, Alastair and Leather, Hugh},
 title = {Compiler Fuzzing Through Deep Learning},
 booktitle = {Proceedings of the 27th ACM SIGSOFT International Symposium on Software Testing and Analysis},
 series = {ISSTA 2018},
 year = {2018},
 isbn = {978-1-4503-5699-2},
 location = {Amsterdam, Netherlands},
 pages = {95--105},
 numpages = {11},
 url = {http://doi.acm.org/10.1145/3213846.3213848},
 doi = {10.1145/3213846.3213848},
 acmid = {3213848},
 publisher = {ACM},
 address = {New York, NY, USA},
 keywords = {Compiler Fuzzing, Deep Learning, Differential Testing},
}