@article{CHEN2018118,
title = "A systematic review of fuzzing techniques",
journal = "Computers & Security",
volume = "75",
pages = "118 - 137",
year = "2018",
issn = "0167-4048",
doi = "https://doi.org/10.1016/j.cose.2018.02.002",
url = "http://www.sciencedirect.com/science/article/pii/S0167404818300658",
author = "Chen Chen and Baojiang Cui and Jinxin Ma and Runpu Wu and Jianchao Guo and Wenqian Liu",
keywords = "Software bug, Vulnerability, Fuzzing, Dynamic symbolic execution, Coverage guide, Grammar representation, Scheduling algorithms, Taint analysis, Static analysis"
}