% !XeLaTeX root=_main_.tex

%%% PHD Proposal

%%%%%%%%%%%%%%%%%%%%%%%%%%%%%%%%%%
%%%     ARTICLE     %%%
%%%%%%%%%%%%%%%%%%%%%%%%%%%%%%%%%%
 
@inproceedings{Ferrari2017,
    author = {Ferrari, Alessio and Donati, Beatrice and Gnesi, Stefania},
    booktitle = {2017 IEEE 25th International Requirements Engineering Conference Workshops (REW)},
    doi = {10.1109/REW.2017.20},
    isbn = {978-1-5386-3488-2},
    mendeley-groups = {PHDThesis/requirements},
    month = {sep},
    pages = {393--399},
    publisher = {IEEE},
    title = {{Detecting domain-specific ambiguities: an NLP approach based on Wikipedia crawling and word embeddings}},
    url = {http://ieeexplore.ieee.org/document/8054883/},
    year = {2017}
}

 
%%%%%%%%%%%%%%%%%%%%%%%%%%%%%%%%%%
%%%          THESIS         %%%
%%%%%%%%%%%%%%%%%%%%%%%%%%%%%%%%%%
 
@phdthesis{Mikolov2012,
    added-at = {2014-12-13T11:55:59.000+0100},
    author = {Mikolov, Tom{\'a}{\v{s}}},
    biburl = {https://www.bibsonomy.org/bibtex/2f46e25187c111efc2962e281b1501013/gchrupala},
    interhash = {36c142f56be162c4488bc04cf995fbbd},
    intrahash = {f46e25187c111efc2962e281b1501013},
    keywords = {imported},
    school = {Brno University of Technology},
    timestamp = {2014-12-13T11:56:31.000+0100},
    title = {Statistical language models based on neural networks},
    type = {{Ph.D. Thesis}},
    year = 2012
}

%%%%%%%%%%%%%%%%%%%%%%%%%%%%%%%%%%
%%%          BOOK         %%%
%%%%%%%%%%%%%%%%%%%%%%%%%%%%%%%%%%
 
@book{Han20121,
    address = {Waltham, Mass.},
    author = {Han, Jiawei and Kamber, Micheline and Pei, Jian},
    isbn = {0123814790},
    keywords = {data mining tobuy},
    publisher = {Morgan Kaufmann Publishers},
    title = {Data mining concepts and techniques},
    url = {http://www.amazon.de/Data-Mining-Concepts-Techniques-Management/dp/0123814790/ref=tmm{\_}hrd{\_}title{\_}0?ie=UTF8{\&}qid=1366039033{\&}sr=1-1},
    year = {2012}
}

@book{Manning1999,
    address = {Cambridge},
    author = {Manning;, Christopher D. and Sch{\"{u}}tze, Hinrich},
    isbn = {9780262133609},
    pages = {720},
    publisher = {MIT Press. Cambridge},
    title = {{Foundations of statistical natural language processing}},
    url = {https://nlp.stanford.edu/fsnlp/},
    year = {1999}
}
 

@book{Goodfellow2016,
    title={Deep learning},
    author={Ian Goodfellow and Yoshua Bengio and Aaron Courville},
    publisher={MIT Press},
    note={\url{http://www.deeplearningbook.org}},
    year={2016}
}

@book{Dubrova:2013:FD:2462571,
    author = {Dubrova, Elena},
    title = {Fault-tolerant design},
    year = {2013},
    isbn = {1461421128, 9781461421122},
    publisher = {New York: Springer Publishing Company, Incorporated},
} 
 
 
@book{ammann2016introduction,
    title={Introduction to software testing},
    author={Ammann, P. and Offutt, J.},
    isbn={9781316773123},
    url={https://books.google.com/books?id=58LeDQAAQBAJ},
    year={2016},
    publisher={Cambridge University Press}
}

@book{Suryanarayana2014,
    address = {San Francisco, CA, USA},
    author = {Suryanarayana, Girish and Samarthyam, Ganesh and Sharma, Tushar},
    edition = {1st},
    isbn = {0128013974, 9780128013977},
    publisher = {Morgan Kaufmann Publishers Inc.},
    title = {{Refactoring for software design smells: managing technical debt}},
    year = {2014}
}


@book{Fowler2018,
    author = {Martin Fowler},
    title = {Refactoring: improving the design of existing code},
    note = {\url{https://martinfowler.com/books/refactoring.html}},
    publisher = {Addison-Wesley},
    year = {2018},
} 

%%%%%%%%%%%%%%%%%%%%%%%%%%%%%%%%%%
%%%          Standard         %%%
%%%%%%%%%%%%%%%%%%%%%%%%%%%%%%%%%%
 
@misc{ISO/IEC/IEEE/29148:2018,
    author = {ISO/IEC/IEEE},
    title = {{ISO/IEC/IEEE 29148:2018(en) Systems and software engineering — Life cycle processes — Requirements engineering}},
    howpublished={[Online]. Available: \url{https://www.iso.org/obp/ui\#iso:std:iso-iec-ieee:29148:ed-2:v1:en}},
    url = {https://www.iso.org/obp/ui{\#}iso:std:iso-iec-ieee:29148:ed-2:v1:en},
    urldate = {2020-10-13},
    year = {2018}
}
 
 

%%%%%%%%%%%%%%%%%%%%%%%%%%%%%%%%%%
%%%          Web Pages         %%%
%%%%%%%%%%%%%%%%%%%%%%%%%%%%%%%%%%
%% Refactoring tools
 
@misc{coderush2019,
    title={CodeRush for visual studio},
    author={},
    howpublished={[Online]. Available: \url{https://www.devexpress.com/products/coderush/}},
    urldate = {2019-02-11},
    year={[Accessed: 2019-02-11]},
}

@misc{resharper2019,
    title={Resharper},
    author={},
    howpublished={[Online]. Available: \url{https://www.jetbrains.com/resharper/}},
    urldate = {2019-02-11},
    year={[Accessed: 2019-02-11]},
}

@misc{jsparrow2019,
    title={jsparrow},
    author={},
    howpublished={[Online]. Available: \url{https://jsparrow.eu/get-jsparrow/}},
    urldate = {2019-02-11},
    year={[Accessed: 2019-02-11]},
}

 
@misc{chollet2015keras,
	title={Keras},
	author={Chollet, Fran\c{c}ois and others},
	year={2015},
	howpublished={\url{https://keras.io}},
}

@misc{InternetSecurityGlossary,
	author={{Network Working Group}},
	title = {{Internet security glossary}},
	HOWPUBLISHED = {\url{https://tools.ietf.org/html/rfc2828}},
	urldate = {2017-10-11},
	year = {[Accessed: 2017-10-11]}
}
 

%%%%%%%%%%%%%%%%%%%%%%%%%%%%%%%%%%
%%%        Reverse Lab         %%%
%%%%%%%%%%%%%%%%%%%%%%%%%%%%%%%%%%
@Article{Zakeri2019,
    author="M. Zakeri Nasrabadi and S. Parsa",
    title="Automatic test data generation in file format fuzzers",
    journal="Journal Of Electronical \& Cyber Defence",
    year="2019",
    volume="4",
    number="3",
    pages="47-60",
    issn="",
    doi="",
    url="http://ecdj.ihu.ac.ir/article_200119.html"
}

 
%%%%%%%%%%%%%%%%%%%%%%%%%%%%%%%%%%
%%%     Persian References     %%%
%%%%%%%%%%%%%%%%%%%%%%%%%%%%%%%%%%
@PHDTHESIS{Zakeri2018,
    AUTHOR =  {م. ذاکری نصرآبادی},
    TITLE =  {تولید خودکار داده آزمون در فازرهای قالب فایل},
    TYPE = {پایان‌نامه کارشناسی ارشد},
    SCHOOL = {دانشکده کامپیوتر , دانشگاه علم و صنعت ایران},
    YEAR =  {1397},
    MONTH =  {شهریور},
    OPTpagetotal = {154},
    LANGUAGE = {Persian}
}
