





@book{Sommerville:2010:SE:1841764,
	author = {Sommerville, Ian},
	title = {Software engineering},
	year = {2010},
	isbn = {0137035152, 9780137035151},
	edition = {9th},
	publisher = {Addison-Wesley Publishing Company},
	address = {USA},
} 



@BOOK{MBA,
  title="The ten Day MBA",
  author="Steven Silbiger",
  publisher="Harper Business",
  YEAR="2012",
}